@online{gpt,
  author       = {OpenAI},
  title        = {{ChatGPT: A Large Language Model}},
  year         = {2022},
  howpublished = {\url{https://openai.com/research/chatgpt}},
  note         = {Accessed: February 14, 2024}
}

@misc{copilot2023,
  author       = {Microsoft},
  title        = {Microsoft Copilot},
  year         = {2023},
  howpublished = {\url{https://www.microsoft.com/copilot}},
  note         = {Accessed: February 14, 2024}
}

@misc{bard,
  author       = {Bard},
  title        = {Bard: A Large Language Model from Google AI},
  howpublished = {\url{https://ai.googleblog.com/2022/01/lamda-language-model-for-dialogue-and.html}},
  note         = {Accessed: February 14, 2024}
}

@online{dreamstudio,
  title        = {{Dream Studio}},
  howpublished = {\url{https://dreamstudio.ai/}},
  note         = {Accessed: February 14, 2024}
}

@misc{github,
  author       = {Lara Vignotto},
  title        = {{uni-generative-ai GitHub Repository}},
  howpublished = {\url{https://github.com/laravignotto/uni-generative-ai}}
}




